<?xml version="1.0" encoding="UTF-8"?><collection xmlns="http://www.loc.gov/MARC21/slim"><record><leader>00370nam--2200121-i-4500</leader><controlfield tag="001">000036197</controlfield><controlfield tag="002">20161230</controlfield><controlfield tag="005">20161230201040</controlfield><controlfield tag="008">060222s1000------------r-----000-0-eng-d</controlfield><datafield ind1=" " ind2=" " tag="080"><subfield code="a">539.061.62(047:73)</subfield></datafield><datafield ind1=" " ind2=" " tag="245"><subfield code="a">Oak ridge national laboratory. physics divisiion. annual progress report for period ending: 1969</subfield></datafield><datafield ind1=" " ind2=" " tag="260"><subfield code="a">Oak Ridge, Oak Ridge Nat.Lab.,1973</subfield></datafield><datafield ind1=" " ind2=" " tag="852"><subfield code="a">18626</subfield></datafield></record></collection>